@article{deshpande,
  title={A Beginner's Guide to Understanding Convolutional Neural Networks},
  author={Deshpande},
  year={2016},
  url={https://adeshpande3.github.io/A-Beginner's-Guide-To-Understanding-Convolutional-Neural-Networks/}
}

@article{mnih,
  title={Playing Atari with Deep Reinforcement Learning},
  author={Mnih et. al.},
  year={2013},
  url={https://www.cs.toronto.edu/~vmnih/docs/dqn.pdf}
}

@article{mnihAsync,
  title={Asynchronous Methods for Deep Reinforcement Learning},
  author={Mnih et. al.},
  year={2016},
}